@article{vannieuwenborg_iot,
author = {Vannieuwenborg, Frederic and Verbrugge, Sofie and Colle, Didier},
year = {2017},
month = {10},
pages = {},
title = {Choosing IoT‐connectivity? A guiding methodology based on functional characteristics and economic considerations},
volume = {29},
journal = {Transactions on Emerging Telecommunications Technologies},
doi = {10.1002/ett.3308}
}


@misc{lueth_2018,
  title={State of the IoT 2018: Number of IoT devices now at 7B – Market accelerating},
  url={https://iot-analytics.com/state-of-the-iot-update-q1-q2-2018-number-of-iot-devices-now-7b/},
  howpublished={\url{https://iot-analytics.com/state-of-the-iot-update-q1-q2-2018-number-of-iot-devices-now-7b/}},
  urldate = {2020-04-28},
  journal={IoT Analytics},
  author={Lueth, Knud Lasse},
  year={2018},
  month={Aug},
  note = "[Accédé le 28-Avril-2020]"
  }

@article{sanchez2016state,
  title={State of the art in LP-WAN solutions for industrial IoT services},
  author={Sanchez-Iborra, Ramon and Cano, Maria-Dolores},
  journal={Sensors},
  volume={16},
  number={5},
  pages={708},
  year={2016},
  publisher={Multidisciplinary Digital Publishing Institute}
}

@inproceedings{mekki2018overview,
  title={Overview of cellular LPWAN technologies for IoT deployment: Sigfox, LoRaWAN, and NB-IoT},
  author={Mekki, Kais and Bajic, Eddy and Chaxel, Frederic and Meyer, Fernand},
  booktitle={2018 IEEE International Conference on Pervasive Computing and Communications Workshops (PerCom Workshops)},
  pages={197--202},
  year={2018},
  organization={IEEE}
}

@misc{orange_iot,
  title={Comment la 5G part à l'assaut de l'Internet des Objets},
  url={https://www.orange-business.com/fr/blogs/usages-dentreprise/mobilite/comment-la-5g-part-l-assaut-de-l-internet-des-objets},
  howpublished={\url{https://www.orange-business.com/fr/blogs/usages-dentreprise/mobilite/comment-la-5g-part-l-assaut-de-l-internet-des-objets}},
  urldate = {2016-12-13},
  author={Feugey, David},
  year={2016},
  month={Dec},
  note = "[Accédé le 28-Avril-2020]"
  }

@misc{acklio_iot,
  title={A brief introduction to LPWAN},
  url={https://www.ackl.io/technology/a-brief-introduction-to-lpwan},
  howpublished={\url{https://www.ackl.io/technology/a-brief-introduction-to-lpwan}},
  note = "[Accédé le 28-Avril-2020]"
  }

@article{foubert_iot,
  author = {Foubert, Brandon and Mitton, Nathalie},
  year = {2020},
  month = {01},
  pages = {13},
  title = {Long-Range Wireless Radio Technologies: A Survey},
  volume = {12},
  journal = {Future Internet},
  doi = {10.3390/fi12010013}
}

@misc{swisscom_2g,
  title={Renouvellement du réseau mobile},
  url={https://www.swisscom.ch/fr/about/entreprise/portrait/reseau/remplacement-2g.html},
  howpublished={\url{https://www.swisscom.ch/fr/about/entreprise/portrait/reseau/remplacement-2g.html}},
  note = "[Accédé le 28-Avril-2020]"
}


@techreport{report_cisco,
     title = {Cisco Annual Internet Report (2018–2023)},
     author = {Cisco},
     year = {2020},
     institution = {Cisco},
     month = {03},
     Date-Added = {2020-03-9},
     Date-Modified = {2020-03-9}
}

@book{brazil2018prometheus,
  title={Prometheus - Up and Running: Infrastructure and Application Performance Monitoring},
  author={Brazil, B.},
  isbn={9781492034148},
  lccn={2019300158},
  url={https://www.oreilly.com/library/view/prometheus-up/9781492034131/ch01.html},
  year={2018},
  publisher={O'Reilly Media}
}

@misc{techhub_monitoring,
  title={Tech Hub Guides - Monitoring at scale - Monitoring Architecture},
  url={https://developer.lightbend.com/guides/monitoring-at-scale/monitoring-architecture/architecture.html},
  howpublished={\url{https://developer.lightbend.com/guides/monitoring-at-scale/monitoring-architecture/architecture.html}},
  note = "[Accédé le 29-Avril-2020]"
}


@misc{blog_monitoring,
  title={Push Vs. Pull In Monitoring Systems},
  url={https://giedrius.blog/2019/05/11/push-vs-pull-in-monitoring-systems/},
  howpublished={\url{https://giedrius.blog/2019/05/11/push-vs-pull-in-monitoring-systems/}},
  author={Statkevičius, Giedrius},
  year={2019},
  month={May},
  note = "[Accédé le 29-Avril-2020]"
}


@misc{interview_push_pull,
  title={Prometheus and the Debate Over ‘Push’ Versus ‘Pull’ Monitoring},
  url={https://thenewstack.io/exploring-prometheus-use-cases-brian-brazil//},
  howpublished={\url{https://thenewstack.io/exploring-prometheus-use-cases-brian-brazil/}},
  author={Oliver, Kiran},
  year={2019},
  note = "[Accédé le 29-Avril-2020]"
}


@misc{prometheus_tuto,
  title={Prometheus Monitoring : The Definitive Guide in 2019},
  url={https://devconnected.com/the-definitive-guide-to-prometheus-in-2019/},
  howpublished={\url{https://devconnected.com/the-definitive-guide-to-prometheus-in-2019/}},
  author={schkn},
  year={2019},
  month={May},
  note = "[Accédé le 29-Avril-2020]"
}


@misc{prometheus_doc_pull_push,
  title={FAQ: Why do you pull rather than push?},
  url={https://prometheus.io/docs/introduction/faq/#why-do-you-pull-rather-than-push?},
  howpublished={\url{https://prometheus.io/docs/introduction/faq/#why-do-you-pull-rather-than-push?}},
  note = "[Accédé le 29-Avril-2020]"
}


@misc{time_series_fr,
  title={Time Series Database : qu’est-ce que c’est, à quoi ça sert ?},
  url={https://www.lebigdata.fr/time-series-database-definition},
  howpublished={\url{https://www.lebigdata.fr/time-series-database-definition}},
  author={L., Bastien},
  year={2018},
  month={May},
  note = "[Accédé le 29-Avril-2020]"
}


@misc{alibaba_timeseries,
  title={Key Concepts and Features of Time Series Databases},
  url={https://www.alibabacloud.com/blog/key-concepts-and-features-of-time-series-databases_594734},
  howpublished={\url{https://www.alibabacloud.com/blog/key-concepts-and-features-of-time-series-databases_594734}},
  author={Zhou, Zhaofeng},
  year={2019},
  month={Apr},
  note = "[Accédé le 29-Avril-2020]"
}


@inproceedings{di2007efficient,
  title={Efficient time series data classification and compression in distributed monitoring},
  author={Di, Sheng and Jin, Hai and Li, Shengli and Tie, Jing and Chen, Ling},
  booktitle={Pacific-Asia Conference on Knowledge Discovery and Data Mining},
  pages={389--400},
  year={2007},
  organization={Springer}
}


@techreport{RFC1157,
  author = {Jeffrey D. Case and Mark Fedor and Martin Lee Schoffstall and James R. Davin},
  title = {Simple Network Management Protocol (SNMP)},
  howpublished = {Internet Requests for Comments},
  type = {STD},
  number = {15},
  year = {1990},
  month = {May},
  issn = {2070-1721},
  publisher = {RFC Editor},
  institution = {RFC Editor},
  url = {http://www.rfc-editor.org/rfc/rfc1157.txt},
  note = {\url{http://www.rfc-editor.org/rfc/rfc1157.txt}},
}


@techreport{RFC1098,
  author = {Jeffrey D. Case and Mark Fedor and Martin Lee Schoffstall and Chuck Davin},
  title = {Simple Network Management Protocol (SNMP)},
  howpublished = {Internet Requests for Comments},
  type = {RFC},
  number = {1098},
  year = {1989},
  month = {April},
  issn = {2070-1721},
  publisher = {RFC Editor},
  institution = {RFC Editor},
  url = {http://www.rfc-editor.org/rfc/rfc1098.txt},
  note = {\url{http://www.rfc-editor.org/rfc/rfc1098.txt}},
}


@misc{zabbix_db,
  title={Zabbix Documentation 4.4: Database creation},
  url={https://www.zabbix.com/documentation/current/manual/appendix/install/db_scripts},
  howpublished={\url{https://www.zabbix.com/documentation/current/manual/appendix/install/db_scripts}},
  note = "[Accédé le 29-Avril-2020]"
}

@misc{nagios_db,
  title={NDOUTILS Documentation Version 2.x},
  url={https://assets.nagios.com/downloads/nagioscore/docs/ndoutils/NDOUtils.pdf},
  howpublished={\url{https://assets.nagios.com/downloads/nagioscore/docs/ndoutils/NDOUtils.pdf}},
  author={Galsta, Ethan},
  year={2017},
  month = {Mar},
  note = "[Accédé le 29-Avril-2020]"
}

@article{zoo_data,
author = {Heer, Jeffrey and Bostock, Michael and Ogievetsky, Vadim},
year = {2010},
month = {01},
pages = {20},
title = {A Tour through the Visualization Zoo.},
volume = {8},
journal = {ACM Queue},
doi = {10.1145/1794514.1805128}
}

@article{bikakis2018big,
  title={Big data visualization tools},
  author={Bikakis, Nikos},
  journal={arXiv preprint arXiv:1801.08336},
  year={2018}
}


@misc{temperature_kinshasa,
  title={Monthly weather forecast and climate Kinshasa, Democratic Republic of Congo},
  url={https://www.weather-atlas.com/en/democratic-republic-of-congo/kinshasa-climate},
  howpublished={\url{https://www.weather-atlas.com/en/democratic-republic-of-congo/kinshasa-climate}},
  note = "[Accédé le 2-Mai-2020]"
}
